<record><leader>00000cas a22000007a 4500</leader><controlfield tag="001">21403590</controlfield><controlfield tag="008">900420d190219uumauwr ne      0    0eng d</controlfield><datafield ind1=" " ind2=" " tag="010"><subfield code="a">sn 89062345 </subfield></datafield><datafield ind1=" " ind2=" " tag="040"><subfield code="a">MGN</subfield><subfield code="b">eng</subfield><subfield code="c">MGN</subfield><subfield code="d">OCLCQ</subfield></datafield><datafield ind1=" " ind2=" " tag="042"><subfield code="a">msc</subfield></datafield><datafield ind1="0" ind2=" " tag="130"><subfield code="a">Sunday record (Haverhill, Mass.)</subfield></datafield><datafield ind1="1" ind2="0" tag="245"><subfield code="a">Sunday record.</subfield></datafield><datafield ind1="1" ind2="7" tag="246"><subfield code="a">Haverhill Sunday record</subfield></datafield><datafield ind1=" " ind2=" " tag="260"><subfield code="a">Haverhill, Mass. :</subfield><subfield code="b">Record Pub. Co.</subfield></datafield><datafield ind1="1" ind2=" " tag="362"><subfield code="a">Began Sept. 7, 1902?</subfield></datafield><datafield ind1=" " ind2=" " tag="580"><subfield code="a">Weekly eds.: Saturday evening criterion, 1902-1907, and: Haverhill record and criterion, 1907-1915, and: Haverhill record, 1915, and: Haverhill record theatrical review, 1915-</subfield></datafield><datafield ind1=" " ind2=" " tag="588"><subfield code="a">Description based on: Vol. 1, no. 11 (Nov. 16, 1902).</subfield></datafield><datafield ind1=" " ind2=" " tag="752"><subfield code="a">United States</subfield><subfield code="b">Massachusetts</subfield><subfield code="c">Essex</subfield><subfield code="d">Haverhill.</subfield></datafield><datafield ind1="1" ind2=" " tag="775"><subfield code="t">Saturday evening criterion</subfield><subfield code="w">(DLC)sn 89062364</subfield></datafield><datafield ind1="1" ind2=" " tag="775"><subfield code="t">Haverhill record and criterion</subfield><subfield code="w">(DLC)sn 89062364</subfield></datafield><datafield ind1="1" ind2=" " tag="775"><subfield code="t">Haverhill record (Haverhill, Mass.)</subfield><subfield code="w">(DLC)sn 89062365</subfield></datafield><datafield ind1="1" ind2=" " tag="775"><subfield code="t">Haverhill record theatrical review</subfield><subfield code="w">(DLC)sn8906022366</subfield></datafield></record>